<record>
  <leader>05208nem a2200337 a 4500</leader>
  <controlfield tag="001">991000096539702696</controlfield>
  <controlfield tag="005">20190119081847.0</controlfield>
  <controlfield tag="008">051118s1919    xx            001 0 eng u</controlfield>
  <datafield tag="035" ind1=" " ind2=" ">
    <subfield code="a">(IL-JeALB)10254-972ai_inst</subfield>
  </datafield>
  <datafield tag="035" ind1=" " ind2=" ">
    <subfield code="a">10254</subfield>
    <subfield code="9">ExL</subfield>
  </datafield>
  <datafield tag="035" ind1=" " ind2=" ">
    <subfield code="a">map00000049</subfield>
  </datafield>
  <datafield tag="110" ind1="1" ind2=" ">
    <subfield code="a">Survey Party, Mesopotamia Expeditionary Force</subfield>
  </datafield>
  <datafield tag="245" ind1="1" ind2="0">
    <subfield code="a">Mesopotamia; Iraq; Iraq &amp; Persia; Persia &amp; Mesopotamia.</subfield>
    <subfield code="h">[map]</subfield>
  </datafield>
  <datafield tag="246" ind1="3" ind2=" ">
    <subfield code="a">Mesopotamia series</subfield>
  </datafield>
  <datafield tag="255" ind1=" " ind2=" ">
    <subfield code="a">Scale 1:126,720.</subfield>
  </datafield>
  <datafield tag="260" ind1=" " ind2=" ">
    <subfield code="b">Survey Directorate Baghdad,</subfield>
    <subfield code="c">1919-1925.</subfield>
  </datafield>
  <datafield tag="300" ind1=" " ind2=" ">
    <subfield code="a">1 map on 49 sheets, and index ;</subfield>
    <subfield code="c">46.5 x 39 cm., on 50 sheets 61 x 57 cm. or smaller.</subfield>
  </datafield>
  <datafield tag="500" ind1=" " ind2=" ">
    <subfield code="a">Accompanied by detailed notes and by an index map.</subfield>
  </datafield>
  <datafield tag="505" ind1="8" ind2=" ">
    <subfield code="a">Mesopotamia sheets:1 D/SW. Erbil (1920) -- 2 C/SE. Ctesiphon (1919) -- 2 C/SW. Baghdad (1921) -- 2 D/NE. Suwairah (1921) -- 2 D/NW. Karbala (1921) -- 2 H/NE. Jasan (Kut North Area) (1919) -- 2 H/NW. Aziziyah (1919) -- 2 H/SW. Afaj (1920) -- 3 A/NW. Najaf (1921) -- 3 A/SE. Gharab (1921) -- 3 I/NW. Qal'at Sikar (1920) -- 3 I/SW. Nasiriyah (1920) -- 137 L/NW &amp; L/NE. Simel (1920) -- 137 L/NW. Tel Abu Dhahir (1921) -- 137 L/SE. Shaikh Ibrahim (1921) -- 137 P/NE &amp; O/SE. Aqra (1921) -- 137 P/NW &amp; O/SW. Dohuk (1921) -- 138 A/SE. Kishiyah (1920) -- 138 A/SW. Dair Az Zor (1920) -- 138 B/NE. Qal'ah Salihiyah (1920) -- 138 B/SE &amp; F/SW. Albu Kamal (1919) -- 138 I/NE. Hadhar (1921) -- 138 M/NW. Shurah (1921) -- 138 M/SE. Fat-Hah (1919) -- 138 M/SW. Qal'at Ash Sharqat (1921).</subfield>
  </datafield>
  <datafield tag="505" ind1="8" ind2=" ">
    <subfield code="a">Iraq sheets: 1 D/NW. Bira Kapra (1923) -- 2 A/NW. Altun Kupri (1920) -- 2 A/SW. Kirkuk (1921) -- 2 D/SE. Dagharah (1921) -- 2 G/NE. Mandali (1921) -- 2 G/NW. Balad Ruz (1922) -- 2 G/SE. Badrah (1919) -- 2 H/SE. Kut al Amarah (1921) -- 2 L/SW. Hai (1919) -- 3 A/NE. Diwaniyah (1921) -- 3 E/NE. Suwaij Sijar (1921) -- 3 E/NW. Rumaithah (1921) -- 3 E/SE. Bathah (1921) -- 3 E/SW. Samawah (1919) -- 3 I/NE. Parts of Amarah and Nasiriyah Divisions (1919) -- 137 L/NE. Aski Mosul (1921) -- 137 P/SE. Kelek (1919) -- 137 P/SW. Mosul (1919) -- 138 J/SW. Haditha (1923) -- 138 K/NE. Kubaisah (1923) -- 138 M/NE. Dibega (1919) -- 138 N/SE. Samarrah (1925).</subfield>
  </datafield>
  <datafield tag="505" ind1="8" ind2=" ">
    <subfield code="a">Iraq &amp; Persia sheets: 2 F/SW. Khanaqin (1923) -- Index to mapping 1/2 sheets in Iraq &amp; Persia (1922).</subfield>
  </datafield>
  <datafield tag="505" ind1="8" ind2=" ">
    <subfield code="a">Persia &amp; Mesopotamia sheet: 2 L/NW. Shaikh Sa'ad (1921).</subfield>
  </datafield>
  <datafield tag="506" ind1=" " ind2=" ">
    <subfield code="a">May require conservation work before use.</subfield>
  </datafield>
  <datafield tag="595" ind1=" " ind2=" ">
    <subfield code="a">Sheet sizes: 1 D/NW, 54 x 46 cm. 1 D/SW, 54 x 45 cm. 2 A/NW, 55 x 45 cm. 2 A/SW, 57 x 48 cm. 2 C/SE, 53 x 47 cm. 2 C/SW, 55 x 48 cm. 2 D/NE, 56 x 48 cm. 2 D/NW, 55 x 47 cm. 2 D/SE, 54 x 47 cm. 2 F/SW, 57 x 48 cm. 2 G/NE, 56 x 47 cm. 2 G/NW, 58 x 48 cm. 2 G/SE, 54 x 46 cm. 2 H/NE, 54 x 46 cm. 2 H/NW, 56 x 48 cm. 2 H/SE, 57 x 48 cm. 2 H/SW, 58 x 51 cm. 2 L/NW, 57 x 49 cm. 2 L/SW, 54 x 47 cm. 3 A/NE, 55 x 47 cm. 3 A/NW, 58 x 48 cm. 3 A/SE, 56 x 50 cm. 3 E/NE, 57 x 47 cm. 3 E/NW, 57 x 48 cm. 3 E/SE, 57 x 48 cm. 3 E/SW, 54 x 47 cm. 3 I/NE, 57 x 49 cm. 3 I/NW, 58 x 50 cm. 3 I/SW, 60 x 57 cm. 137 L/NE, 56 x 47 cm. 137 L/NW &amp; L/NE, 61 x 50 cm. 137 L/NW, 54 x 45 cm. 137 L/SE, 54 x 45 cm. 137 P/NE &amp; O/SE, 60 x 48 cm. 137 P/NW &amp; O/SW, 59 x 48 cm. 137 P/SE, 54 x 46 cm. 137 P/SW, 57 x 46 cm. 138 A/SE, 57 x 47 cm. 138 A/SW, 58 x 49 cm. 138 B/NE, 58 x 51 cm. 138 B/SE &amp; F/SW, 56 x 48 cm. 138 I/NE, 55 x 46 cm. 138 J/SW, 55 x 47 cm. 138 K/NE, 55 x 48 cm. 138 M/NE, 55 x 48 cm. 138 M/NW, 55 x 47 cm. 138 M/SE, 56 x 47 cm. 138 M/SW, 56 x 48 cm. 138 N/SE, 55 x 47 cm. Index, 49 x 45 cm.</subfield>
  </datafield>
  <datafield tag="651" ind1=" " ind2="0">
    <subfield code="a">Asia</subfield>
    <subfield code="z">Middle East</subfield>
    <subfield code="z">Iraq</subfield>
    <subfield code="v">Maps.</subfield>
  </datafield>
  <datafield tag="720" ind1="2" ind2=" ">
    <subfield code="a">M.E.F. Survey Party</subfield>
    <subfield code="e">, printer</subfield>
  </datafield>
  <datafield tag="913" ind1=" " ind2=" ">
    <subfield code="1">60</subfield>
    <subfield code="2">Publisher</subfield>
    <subfield code="3">Printer</subfield>
    <subfield code="5">Uncertain</subfield>
    <subfield code="6">Full</subfield>
  </datafield>
  <datafield tag="949" ind1=" " ind2=" ">
    <subfield code="a">MAPS 36-1-D/NW to 36-138-N/SE</subfield>
  </datafield>
  <datafield tag="951" ind1=" " ind2=" ">
    <subfield code="a">286 (1 D/NW), 280 (1 D/SW), 287 (2 A/NW), 288 (2 A/SW), 231 (2 C/SE), 230 (2 C/SW), 220 (2 D/NE), 233 (2 D/NW), 241 (2 D/SE), 234a (2 F/SW c.1), 234b (2 F/SW c.2), 242 (2 G/NE), 243 (2 G/NW), 244 (2 G/SE), 232 (2 H/NE), 229 (2 H/NW), 245 (2 H/SE), 221 (2 H/SW), 235 (2 L/NW), 249 (2 L/SW), 236 (3 A/NE), 272 (3 A/NW), 274 (3 A/SE), 238 (3 E/NE), 239 (3 E/NW), 281 (3 E/SE), 237 (3 E/SW), 240 (3 I/NE), 227 (3 I/NW), 228 (3 I/SW), 246 (137 L/NE), 224 (137 L/NW), 226 (137 L/NW &amp; L/NE), 225 (137 L/SE), 223 (137 P/NE &amp; O/SE), 222 (137 P/NW &amp; O/SW), 284 (137 P/SE), 248 (137 P/SW), 219 (138 A/SE), 278 (138 A/SW), 218 (138 B/NE), 279 (138 B/SE &amp; F/SW), 275 (138 I/NE), 247 (138 J/SW), 285 (138 K/NE), 283 (138 M/NE), 277 (138 M/NW), 276 (138 M/SE), 273 (138 M/SW), 282 (138 N/SE), 271 (Index).</subfield>
  </datafield>
  <datafield tag="953" ind1=" " ind2=" ">
    <subfield code="n">Stored in 4 folders. Folder 1 (Iraq 1): 36-1-D/NW, -2-A/NW, -2-A/SW, -2-D/SE, -2-G/NE, -2-G/NW, -2-G/SE, -2-H/SE, -2-L/SW, -3-A/NE, -3-E/NE, -3-E/NW, -3-E/SE, -3-E/SW, -3-I/NE, Iraq &amp; Persia: 36-Index. Folder 2 (Iraq 2): 36-137 L/NE, -137-P/SE, -137-P/SW, -138-J/SW, -138-K/NE, -138-M/NE, -138-N/SE, Iraq &amp; Persia: 36-2-F/SW c.1, c.2. Folder 3 (Mesopotamia 1): 36-1-D/SW, -2-C/SE, -2-C/SW, -2-D/NE, -2-D/NW, -2-H/NE, -2-H/NW, -2-H/SW, -3-A/NW, -3-A/SE, -3-I/NW, -3-I/SW, Persia &amp; Mesopotamia: 36-2-L/NW. Folder 4 (Mesopotamia 2): 36-137 L/NW &amp; L/NE, -137-L/NW, -137-L/SE, -137-P/NE &amp; O/SE, -137-P/NW &amp; O/SW, -138-A/SE, -138-A/SW, -138-B/NE, -138-B/SE &amp; F/SW, -138-I/NE, -138-M/NW, -138-M/SE, -138-M/SW.</subfield>
  </datafield>
  <datafield tag="999" ind1=" " ind2=" ">
    <subfield code="a">MAP</subfield>
  </datafield>
</record>
